@article{gong2012profitable,
  title={How profitable is methamphetamine dealing in Australia?},
  author={Gong, Wendy and Ritter, Alison and Bright, David and Doran, Chris},
  journal={Drug and alcohol dependence},
  volume={122},
  number={3},
  pages={208--212},
  year={2012},
  publisher={Elsevier}
}
@book{mcketin2005estimating,
  title={Estimating the number of regular and dependent methamphetamine users in Australia},
  author={McKetin, Rebecca and McLaren, Jennifer and Kelly, Erin and Hall, Wayne and Hickman, Q},
  year={2005},
  publisher={National Drug and Alcohol Research Centre}
}
@book{ritter2012evaluating,
  title={Evaluating drug law enforcement interventions directed towards methamphetamine in Australia},
  author={Ritter, Alison and Bright, David and Gong, Wendy},
  year={2012},
  publisher={National Drug Law Enforcement Research Fund (NDLERF)}
}
@book{australian2008australiancrime,
  title={AustralianCrime Commission Illicit Drug Data Report, 2006-07},
  author={Australian Crime Commission and others},
  year={2008},
  publisher={Australian Crime Commission}
}